@misc{sklearn,
    title = "{scikit-learn: Machine Learning in Python}",
    note = "\url{https://scikit-learn.org/}",
}
